@article{bams,
  author = {Peter Lax },
  title = {Mathematics and Physics},
  journal = {Bulletin American Mathematical Society},
  volume = {45},
  year = {2008},
  pages = {135--152}
}

@book{games,
  author = {John von Neumann and Oskar Morgenstern},
  title = {Theory of Games and Economic Behavior},
  year = {2008},
  edition = {60th Anniversary Commemorative Edition},
  publisher = {Princeton University Press}
}

Beitrag im Berichtsband einer Konferenz
@inproceedings{vna,
  author = {Professor Max Mustermann},
  title = {Von-Neumann-Architektur},
  booktitle = {International Colloquium on
    Theoretical Aspects of Von-Neumann-Architectures},
  pages = {111--112},
  year = 2016,
  volume = 1,
  publisher = {Musterverlag}
}